@article{milner1992calculus,
  title={A calculus of mobile processes, i},
  author={Milner, Robin and Parrow, Joachim and Walker, David},
  journal={Information and computation},
  volume={100},
  number={1},
  pages={1--40},
  year={1992},
  publisher={Elsevier}
}
